<record><leader>00000cas a22000007a 4500</leader><controlfield tag="001">15118398</controlfield><controlfield tag="008">870127d19331958inuwr ne      0    0eng d</controlfield><datafield ind1=" " ind2=" " tag="010"><subfield code="a">sn 87055110 </subfield></datafield><datafield ind1=" " ind2=" " tag="040"><subfield code="a">NPI</subfield><subfield code="b">eng</subfield><subfield code="c">NPI</subfield><subfield code="d">OCLCQ</subfield></datafield><datafield ind1=" " ind2=" " tag="042"><subfield code="a">msc</subfield></datafield><datafield ind1="0" ind2="4" tag="245"><subfield code="a">The Northern Indiana Co-op. news.</subfield></datafield><datafield ind1="3" ind2="0" tag="246"><subfield code="a">Northern Indiana Co-op. Mentone news Indiana</subfield></datafield><datafield ind1=" " ind2=" " tag="260"><subfield code="a">Mentone, Ind. :</subfield><subfield code="b">Northern Indiana Co-Operative Assn.,</subfield><subfield code="c">1933-1958.</subfield></datafield><datafield ind1=" " ind2=" " tag="310"><subfield code="a">Weekly</subfield></datafield><datafield ind1="0" ind2=" " tag="362"><subfield code="a">Vol. 1, no. 1 (Feb. 1, 1933)-v. 28, no. 5 (Aug. 6, 1958).</subfield></datafield><datafield ind1=" " ind2=" " tag="500"><subfield code="a">"Mentone" and "Indiana" appear at sides of title, Apr. 6, 1955-Aug. 6, 1958.</subfield></datafield><datafield ind1=" " ind2=" " tag="752"><subfield code="a">United States</subfield><subfield code="b">Indiana</subfield><subfield code="c">Kosciusko</subfield><subfield code="d">Mentone.</subfield></datafield><datafield ind1="0" ind2="0" tag="785"><subfield code="t">News (Mentone, Ind.)</subfield><subfield code="w">(DLC)sn 87055102</subfield></datafield></record>